<collection xmlns="http://www.loc.gov/MARC21/slim"><record><leader>00729nam  2200217   450</leader><controlfield tag="001">874</controlfield><controlfield tag="003">http://montalegre.opacnet.com/OPAC/default.aspx?ContentAreaControl=ShowRegHoldings.ascx&amp;RegNo=16662</controlfield><datafield tag="100" ind1=" " ind2=" "><subfield code="a">20061013d1982    a  y0pory0103    ba</subfield></datafield><datafield tag="101" ind1="0" ind2=" "><subfield code="a">por</subfield><subfield code="c">fre</subfield></datafield><datafield tag="102" ind1=" " ind2=" "><subfield code="a">PT</subfield></datafield><datafield tag="200" ind1="1" ind2=" "><subfield code="a">&lt;15=quinze&gt; histórias de circo</subfield><subfield code="g">Trad. Ricardo Alberty</subfield><subfield code="g">Ilust. de René Follet e José Antunes</subfield></datafield><datafield tag="210" ind1=" " ind2=" "><subfield code="a">Lisboa</subfield><subfield code="c">Verbo</subfield><subfield code="d">Imp. 1982</subfield></datafield><datafield tag="215" ind1=" " ind2=" "><subfield code="a">191p.</subfield><subfield code="c">il.</subfield><subfield code="d">21cm</subfield></datafield><datafield tag="225" ind1="0" ind2=" "><subfield code="a">Série 15</subfield><subfield code="v">45</subfield></datafield><datafield tag="606" ind1=" " ind2=" "><subfield code="a">Literatura juvenil</subfield></datafield><datafield tag="675" ind1=" " ind2=" "><subfield code="a">087.5</subfield></datafield><datafield tag="702" ind1=" " ind2="1"><subfield code="a">Alberty</subfield><subfield code="b">Ricardo</subfield><subfield code="f">1919-1992</subfield><subfield code="4">730</subfield></datafield><datafield tag="702" ind1=" " ind2="1"><subfield code="a">Follet</subfield><subfield code="b">René</subfield><subfield code="4">440</subfield></datafield><datafield tag="702" ind1=" " ind2="1"><subfield code="a">Antunes</subfield><subfield code="b">José</subfield><subfield code="4">440</subfield></datafield><datafield tag="801" ind1=" " ind2="0"><subfield code="a">PT</subfield><subfield code="b">Biblioteca Municipal de Montalegre</subfield><subfield code="g">RPC</subfield></datafield><datafield tag="856" ind1=" " ind2=" "><subfield code="u">locateMedia.asp?cod=20060627150043&amp;ext=jpg</subfield><subfield code="z">CAPA</subfield></datafield><datafield tag="909" ind1="&#9;" ind2=" "><subfield code="a">1</subfield></datafield><datafield tag="966" ind1=" " ind2=" "><subfield code="a">0003089</subfield><subfield code="l">BMM</subfield><subfield code="s">SI 087.5 ALB his 45</subfield></datafield></record></collection>